<?xml version="1.0" encoding="UTF-8"?><collection xmlns="http://www.loc.gov/MARC21/slim"><record><leader>00414nam--2200121-i-4500</leader><controlfield tag="001">000006162</controlfield><controlfield tag="002">20161230</controlfield><controlfield tag="005">20161230201026</controlfield><controlfield tag="008">060222s1000------------r-----000-0-eng-d</controlfield><datafield ind1=" " ind2=" " tag="100"><subfield code="a">Boisvert, M., Robert, J., Robichaud, L.P.A</subfield></datafield><datafield ind1=" " ind2=" " tag="245"><subfield code="a">Graphes de fluence. applications a l`electrote chnique et a l`electronique. calculateurs anal ogiques et digitaux</subfield></datafield><datafield ind1=" " ind2=" " tag="260"><subfield code="a">Paris, Editions Eyrolles, 1961. 237 P</subfield></datafield><datafield ind1=" " ind2=" " tag="852"><subfield code="a">18491</subfield></datafield></record></collection>